\begin{thebibliography}{9}
@article{costello2018montgomery,
  title={Montgomery curves and their arithmetic},
  author={Costello, Craig and Smith, Benjamin},
  journal={Journal of Cryptographic Engineering},
  volume={8},
  number={3},
  pages={227--240},
  year={2018},
  publisher={Springer}
}

@article{azarderakhsh2017supersingular,
  title={Supersingular isogeny key encapsulation},
  author={Azarderakhsh, Reza and Campagna, Matthew and Costello, Craig and Feo, LD and Hess, Basil and Jalali, Amir and Jao, David and Koziel, Brian and LaMacchia, Brian and Longa, Patrick and others},
  journal={Submission to the NIST Post-Quantum Standardization project},
  year={2017}
}
@article{montgomery1987speeding,
  title={Speeding the Pollard and elliptic curve methods of factorization},
  author={Montgomery, Peter L},
  journal={Mathematics of computation},
  volume={48},
  number={177},
  pages={243--264},
  year={1987}
}
@article{jao2017supersingular,
  title={Supersingular isogeny key encapsulation (SIKE)},
  author={Jao, D and others},
  journal={Submission to NIST Post-Quantum Cryptography Standardization},
  year={2017}
}
@inproceedings{jao2011towards,
  title={Towards quantum-resistant cryptosystems from supersingular elliptic curve isogenies},
  author={Jao, David and De Feo, Luca},
  booktitle={International Workshop on Post-Quantum Cryptography},
  pages={19--34},
  year={2011},
  organization={Springer}
}
@inproceedings{galbraith2016security,
  title={On the security of supersingular isogeny cryptosystems},
  author={Galbraith, Steven D and Petit, Christophe and Shani, Barak and Ti, Yan Bo},
  booktitle={International Conference on the Theory and Application of Cryptology and Information Security},
  pages={63--91},
  year={2016},
  organization={Springer}
}
@inproceedings{hofheinz2017modular,
  title={A modular analysis of the Fujisaki-Okamoto transformation},
  author={Hofheinz, Dennis and H{\"o}velmanns, Kathrin and Kiltz, Eike},
  booktitle={Theory of Cryptography Conference},
  pages={341--371},
  year={2017},
  organization={Springer}
}
@inproceedings{costello2016efficient,
  title={Efficient algorithms for supersingular isogeny Diffie-Hellman},
  author={Costello, Craig and Longa, Patrick and Naehrig, Michael},
  booktitle={Annual International Cryptology Conference},
  pages={572--601},
  year={2016},
  organization={Springer}
}

@inproceedings{lepak2000silent,
  title={Silent stores for free},
  author={Lepak, Kevin M and Lipasti, Mikko H},
  booktitle={Proceedings 33rd Annual IEEE/ACM International Symposium on Microarchitecture. MICRO-33 2000},
  pages={22--31},
  year={2000},
  organization={IEEE}
}

@inproceedings{bell2000characterization,
  title={Characterization of silent stores},
  author={Bell, Gordon B and Lepak, Kevin M and Lipasti, Mikko H},
  booktitle={Proceedings 2000 International Conference on Parallel Architectures and Compilation Techniques (Cat. No. PR00622)},
  pages={133--144},
  year={2000},
  organization={IEEE}
}

@misc{downs_2020_ice, title={Ice Lake Store Elimination}, url={https://travisdowns.github.io/blog/2020/05/18/icelake-zero-opt.html}, journal={Performance matters}, publisher={Travis Downs}, author={Downs, Travis}, year={2020}, month={May}}

@misc{downs_2020_hardware, title={Hardware Store Elimination}, url={https://travisdowns.github.io/blog/2020/05/13/intel-zero-opt.html}, journal={Performance matters}, publisher={Travis Downs}, author={Downs, Travis}, year={2020}, month={May}}

@article{king2008designing,
  title={Designing and Implementing Malicious Hardware.},
  author={King, Samuel T and Tucek, Joseph and Cozzie, Anthony and Grier, Chris and Jiang, Weihang and Zhou, Yuanyuan},
  journal={Leet},
  volume={8},
  pages={1--8},
  year={2008}
}
@article{binkert2011gem5,
  title={The gem5 simulator},
  author={Binkert, Nathan and Beckmann, Bradford and Black, Gabriel and Reinhardt, Steven K and Saidi, Ali and Basu, Arkaprava and Hestness, Joel and Hower, Derek R and Krishna, Tushar and Sardashti, Somayeh and others},
  journal={ACM SIGARCH computer architecture news},
  volume={39},
  number={2},
  pages={1--7},
  year={2011},
  publisher={ACM New York, NY, USA}
}

@unpublished{openssl,
  author = {{The Open{SSL} Project}},
  keywords = {openssl},
  note = {\url{www.openssl.org}},
  timestamp = {2009-01-31T03:47:33.000+0100},
  title = {{OpenSSL}: The Open Source toolkit for {SSL/TLS}},
  year = 2021
}

@book{donovan2015go,
  title={The Go programming language},
  author={Donovan, Alan AA and Kernighan, Brian W},
  year={2015},
  publisher={Addison-Wesley Professional}
}

@online{circl,
  title = {Introducing CIRCL: An Advanced Cryptographic Library},
  year = 2021,
  url = {https://github.com/cloudflare/circl},
  urldate = {2021-2-18}
}

@online{gem5fail,
  title = {X86 Linux Boot Status on gem5-19},
  year = 2020,
  url = {https://www.gem5.org/project/2020/03/09/boot-tests.html},
  urldate = {2021-2-18}
}

@article{coppersmith1997small,
  title={Small solutions to polynomial equations, and low exponent RSA vulnerabilities},
  author={Coppersmith, Don},
  journal={Journal of cryptology},
  volume={10},
  number={4},
  pages={233--260},
  year={1997},
  publisher={Springer}
}
\end{thebibliography}